% Encoding: ASCII

@Article{Lennard-Jones1931,
	Author = {J E Lennard-Jones},
	Doi = {10.1088/0959-5309/43/5/301},
	Journal = {Proc. Phys. Soc.},
	Month = {sep},
	Number = {5},
	Pages = {461-482},
	Publisher = {{IOP}Publishing},
	Title = {Cohesion},
	Url = {http://dx.doi.org/10.1088/0959-5309/43/5/301},
	Volume = {43},
	Year = {1931}
}

@Article{JCP-127-234509,
	Author = {F. R{\"o}mer and T. Kraska},
	Doi = {10.1063/1.2805063},
	Journal = {Journal of Chemical Physics},
	Number = {23},
	Pages = {234509},
	Title = {Homogeneous nucleation and growth in supersaturated zinc vapor investigated by molecular dynamics simulation},
	Volume = {127},
	Year = {2007}
}

@Article{EPL-2015,
	Author = {F. R{\"o}mer and D. A. Fedosov},
	Doi = {10.1209/0295-5075/109/68001},
	Journal = {EPL Europhysics Letters},
	Number = {6},
	Pages = {68001},
	Title = {Dense brushes of stiff polymers or filaments in fluid flow},
	Volume = {109},
	Year = {2015}
}

