@article{Berger2003,
author = {Berger, Jean and Barkaoui, Mohamed},
issn = {0160-5682},
journal = {Journal of the Operational Research Society},
number = {12},
pages = {1254--1262},
publisher = {Nature Publishing Group},
title = {{A new hybrid genetic algorithm for the capacitated vehicle routing problem}},
url = {http://www.palgrave-journals.com/jors/journal/v54/n12/abs/2601635a.html},
volume = {54},
year = {2003}
}