% Encoding: ASCII

@Article{Lacomme2001,
	Author = {Lacomme , Philippe and Prins , Christian and Ramdane-Ch{\'e}rif , W.},
	Journal = {Applications of evolutionary computing},
	Pages = {473-483},
	Publisher = {Springer},
	Title = {A Genetic Algorithm For The Capacitated Arc Routing Problem And Its Extensions},
	Url = {http://www.springerlink.com/index/CQAA32WYWNLXD62X.pdf},
	Year = {2001}
}

@Article{Filipec1998,
	Author = {Filipec , M. and Skrlec , D. and Krajcar , S.},
	Doi = {10.1109/ICSMC.1998.724987},
	Journal = {SMC 98 Conference Proceedings. 1998 IEEE International Conference on Systems , Man , and Cybernetics Cat. No.98CH36218},
	Keywords = {capacitated vehicle routing problem , cvrp , genetic , open loop distribution network , planning},
	Pages = {2231-2236},
	Publisher = {Ieee},
	Title = {An Efficient Implementation Of Genetic Algorithms For Constrained Vehicle Routing Problem},
	Url = {http://ieeexplore.ieee.org/lpdocs/epic03/wrapper.htm?arnumber = 724987},
	Year = {1998}
}

@Article{Johnson,
	Author = {Johnson , D.S. and McGeoch , L.A.},
	Journal = {Local search in combinatorial optimization},
	Pages = {215-310},
	Publisher = {Citeseer},
	Title = {The Traveling Salesman Problem: A Case Study In Local Optimization},
	Url = {http://citeseerx.ist.psu.edu/viewdoc/download?doi = 10.1.1.92.1635&amp;rep = rep1&amp;type = pdf},
	Year = {1997}
}

@Article{Prins2004,
	Author = {Prins , C},
	Doi = {10.1016/S0305-0548 03 00158-8},
	Journal = {Computers \& Operations Research},
	Keywords = {genetic algorithm , vehicle routing problem},
	Month = {oct},
	Number = {12},
	Pages = {1985-2002},
	Title = {A Simple And Effective Evolutionary Algorithm For The Vehicle Routing Problem},
	Url = {http://linkinghub.elsevier.com/retrieve/pii/S0305054803001588},
	Volume = {31},
	Year = {2004}
}

@Article{Lennard-Jones1931,
	Author = {J E Lennard-Jones},
	Doi = {10.1088/0959-5309/43/5/301},
	Journal = {Proc. Phys. Soc.},
	Month = {sep},
	Number = {5},
	Pages = {461-482},
	Publisher = {{IOP}Publishing},
	Title = {Cohesion},
	Url = {http://dx.doi.org/10.1088/0959-5309/43/5/301},
	Volume = {43},
	Year = {1931}
}

@Article{Berger2003,
	Author = {Berger , Jean and Barkaoui , Mohamed},
	Journal = {Journal of the Operational Research Society},
	Number = {12},
	Pages = {1254-1262},
	Publisher = {Nature Publishing Group},
	Title = {A New Hybrid Genetic Algorithm For The Capacitated Vehicle Routing Problem},
	Url = {http://www.palgrave-journals.com/jors/journal/v54/n12/abs/2601635a.html},
	Volume = {54},
	Year = {2003}
}

@Article{Alba2004a,
	Author = {Alba , Enrique and Dorronsoro , B.},
	Journal = {Evolutionary Computation in Combinatorial Optimization},
	Pages = {11-20},
	Publisher = {Springer},
	Title = {Solving The Vehicle Routing Problem By Using Cellular Genetic Algorithms},
	Url = {http://www.springerlink.com/index/YNNJ6QTTMPXCN71H.pdf},
	Year = {2004}
}

@Article{Bermudez2010,
	Author = {Bermudez , Carlos and Graglia , Patricia and Stark , Natalia and Salto , Carolina and Alfonso , Hugo},
	Doi = {10.4114/ia.v14i46.1520},
	Journal = {Inteligencia Artificial},
	Keywords = {capacitated vehicle routing problem , cellular genetic algo- , genetic algorithms , recombination},
	Month = {mar},
	Number = {46},
	Pages = {34-44},
	Title = {A Comparison Of Recombination Operators For Capacitate Vehicle Routing Problem},
	Url = {http://erevista.aepia.org/index.php/ia/article/view/647},
	Volume = {14},
	Year = {2010}
}

@Article{Christofides1981,
	Author = {Christofides , N. and Mingozzi , a. and Toth , P.},
	Doi = {10.1007/BF01589353},
	Journal = {Mathematical Programming},
	Keywords = {dynamic , lagrangean relaxation , programming relaxation , shortest spanning trees , vehicle routing},
	Month = {dec},
	Number = {1},
	Pages = {255-282},
	Title = {Exact Algorithms For The Vehicle Routing Problem , Based On Spanning Tree And Shortest Path Relaxations},
	Url = {http://www.springerlink.com/index/10.1007/BF01589353},
	Volume = {20},
	Year = {1981}
}

